3064 5004
566 320 808 402 -[ss]-
1065 329 1068 336 ⁴
1232 321 1251 382 7

119 508 290 593 irrepsisse
312 513 440 593 propter
454 514 558 574 aenas
573 507 728 591 quasdam
750 509 875 574 litteras
891 527 989 592 saepe
1004 505 1087 572 inter
1109 528 1145 574 se
1167 527 1254 573 oom-

123 616 273 677 mutatas.
317 611 411 677 Unde
434 611 513 676 satis
534 617 670 697 apparet
691 630 747 677 eas
769 611 804 675 in
826 611 999 696 archetypo
1020 617 1087 677 tam
1109 611 1256 677 similiter

121 715 259 800 scriptus
274 714 391 797 luisse,
417 722 453 781 ut
466 715 617 781 librarius
633 714 729 780 faeile
744 715 842 780 aliam
864 735 921 800 pro
936 713 1002 780 alia
1016 715 1148 799 legeret.
1187 716 1254 780 Ita-

121 838 184 902 que
207 817 267 884 hoo
288 817 379 884 uberi
400 818 550 884 vitiorum
572 818 658 884 fonte
680 818 859 885 accuratius
881 819 1007 902 cognito
1028 819 1146 884 multos
1168 820 1255 885 looos

122 921 285 988 emendari
302 941 396 1006 posse
410 928 657 1018 consentaneum
675 927 725 988 est
746 922 801 1004 qui
821 920 928 988 adhue
943 921 1103 988 medicina
1124 928 1252 1004 egeant.

208 1025 331 1092 Monuit
351 1025 449 1111 igitur
471 1026 509 1092 0.
527 1026 661 1093 Mueller
682 1026 717 1092 in
736 1025 886 1092 editionis
908 1047 929 1091 a
951 1046 986 1093 se
1009 1015 1139 1092 curatae
1161 1047 1257 1111 prae-

122 1129 181 1196 fat.
206 1150 237 1215 p.
263 1129 360 1195 XXII
395 1129 552 1199 eiusmodi
587 1130 770 1196 »literarum
801 1130 1077 1212 commutationes,
1110 1149 1193 1214 quae
1220 1129 1256 1195 in

121 1233 214 1300 libris
235 1234 353 1300 nostris
375 1234 566 1319 saepissime
588 1234 797 1319 reperiantur,
823 1253 895 1300 esse
916 1233 999 1300 inter
1023 1243 1042 1322 t¹
1057 1239 1089 1300 et
1106 1259 1132 1314 a,
1160 1233 1256 1299 etiam

122 1339 206 1404 inter
228 1347 241 1402 t
262 1344 295 1404 et
316 1339 339 1415 l,
364 1338 448 1403 inter
469 1361 486 1401 o
509 1343 541 1404 et
560 1361 591 1423 9,
606 1323 701 1403 ¹inter
723 1339 737 1402 l
757 1338 818 1403 eti
830 1344 925 1422 atque
948 1345 961 1402 t
982 1342 1014 1402 et
1036 1337 1057 1418 i,
1083 1336 1166 1403 inter
1187 1359 1208 1399 a
1226 1343 1258 1403 et

123 1465 155 1522 u,
180 1442 263 1509 inter
285 1464 316 1506 m
338 1447 371 1507 et
392 1442 426 1505 ia
448 1442 501 1507 vel
523 1442 557 1505 a'u
578 1447 673 1525 atque
695 1464 738 1505 ou
753 1441 852 1520 etmi,
878 1441 960 1507 inter
982 1465 1019 1505 oe
1033 1448 1066 1507 et
1087 1465 1113 1522 e,
1139 1439 1223 1507 inter
1238 1465 1258 1505 o

124 1553 158 1612 et
179 1569 210 1623 a,
235 1546 318 1612 inter
339 1545 366 1610 ia·
385 1553 418 1612 et
438 1569 470 1626 u,
495 1545 578 1612 inter
601 1548 667 1611 det
680 1569 729 1609 aa«
774 1545 844 1624 Quo
866 1547 936 1612 loeo
957 1544 1094 1611 Mueller
1115 1545 1195 1610 vitia
1217 1565 1258 1611 ex

122 1649 249 1733 eloquio
271 1648 398 1733 vulgari
421 1656 491 1715 orta
513 1670 584 1716 oum
606 1648 693 1715 vitiis
709 1670 727 1715 e
745 1650 921 1716 litterarum
943 1648 1153 1715 similitudine
1174 1647 1258 1714 natis

124 1751 331 1819 oommisouit.
1112 1759 1115 1766 '

210 1856 342 1921 Praeter
365 1857 424 1922 has
446 1874 527 1938 quas
549 1855 684 1922 Mueller
705 1855 838 1940 protulit
855 1853 951 1921 etiam
974 1855 1058 1922 aliae
1080 1855 1258 1921 litterarum

124 1959 388 2027 commutationes
411 1959 542 2044 saepius
565 1959 599 2024 in
621 1959 672 2024 his
695 1959 785 2026 libris
807 1966 991 2041 oeourrunt,
1024 1979 1157 2042 quarum
1180 1980 1260 2025 non-

123 2065 215 2129 nulla
244 2063 343 2130 lieeat
370 2063 520 2147 exempla
549 2082 747 2148 componere.
795 2063 901 2147 Atque
929 2063 1035 2129 statim
1057 2063 1092 2129 in
1113 2063 1154 2129 iis
1177 2084 1260 2148 quae

124 2175 301 2250 sequuntur
331 2167 449 2251 ubique
478 2166 521 2232 ad
542 2166 661 2234 oodieis
684 2167 859 2252 scripturas
882 2166 1181 2250 imlinotiaxlitteris
1203 2187 1261 2231 no-

124 2279 210 2337 tatas
234 2271 415 2337 adseribam
438 2291 478 2336 ea
500 2289 582 2353 quae
604 2270 676 2356 ipse
698 2273 814 2347 Varro⁴
830 2269 996 2355 scripsisse
1019 2270 1156 2337 videtur.
1202 2269 1261 2335 His

125 2375 264 2440 traditae
286 2373 433 2440 lectionis
456 2373 718 2458 comestionibus,
745 2373 808 2440 nisi
828 2375 863 2439 in
884 2373 1058 2440 editionum
1081 2377 1262 2440 contextum

126 2483 159 2544 et
180 2498 201 2542 a
223 2477 397 2562 Spengelio
421 2486 453 2543 et
475 2498 496 2543 a
517 2477 674 2544 Muellero
704 2499 762 2562 pro
785 2478 880 2544 oertis
903 2485 1052 2564 reoeptae
1082 2485 1171 2562 sunt,
1205 2499 1262 2544 no-

127 2581 215 2646 mina
229 2582 346 2646 addam
362 2588 536 2663 auotorum,
564 2601 604 2647 ea
618 2588 735 2664 autem,
763 2603 845 2668 quae
864 2583 936 2667 ipse
952 2581 1083 2664 conieci,
1109 2581 1263 2647 asterisco

126 2686 256 2751 notabo.
303 2685 452 2752 Ceterum
480 2705 544 2750 non
572 2686 713 2752 alienum
743 2685 847 2751 visum
876 2693 926 2751 est
953 2685 1109 2751 eiusmodi
1137 2704 1263 2769 quoque

129 2789 277 2872 exempla
299 2790 432 2872 afferre,
465 2789 497 2854 in
520 2788 636 2871 quibus
658 2789 729 2874 ipse
755 2789 906 2855 librarius
928 2809 1034 2855 errore
1057 2808 1114 2855 suo
1138 2788 1263 2870 cognito

128 2899 249 2958 rectam
272 2891 462 2976 scripturam
484 2892 632 2974 restituit.

214 2997 321 3062 Habes
345 3017 421 3080 ergo
443 2986 639 3081 permutatas
662 2997 676 3059 o'
696 3003 729 3062 et
749 3019 770 3058 a
793 2997 916 3062 litteras
933 3017 961 3062 e.
980 3017 1012 3080 g.
1038 2996 1072 3060 in
1094 2995 1145 3061 his
1160 2995 1254 3060 loeis:

129 3104 203 3184 306,
223 3111 239 3160 2
261 3101 336 3164 locis
700 3101 789 3165 loeus

130 3206 203 3286 307,
224 3215 238 3263 7
261 3203 307 3266 iot
700 3201 756 3268 ubi
783 3203 945 3287 (Spengel)

117 3377 122 3386 ¹
264 3306 382 3370 colludi
698 3305 819 3371 collidit
845 3306 1000 3388 (Mueller)

132 3413 205 3492 390,
225 3422 240 3471 3
263 3409 357 3473 solito
699 3411 804 3475 soluta
875 3471 878 3476 .

131 3516 204 3595 447,
224 3525 240 3575 6
263 3513 459 3577 albus-sumus
486 3514 588 3596 (corr.)
686 3513 896 3578 albissumus

217 3617 356 3682 Litteras
372 3641 392 3680 a
407 3616 468 3682 eti
486 3616 520 3681 in
542 3616 593 3680 his
616 3615 707 3681 libris
731 3616 813 3681 siout
834 3614 913 3681 alibi
935 3633 1035 3698 saepe
1057 3617 1266 3678 commutatas

131 3740 204 3787 esse
225 3720 291 3786 iam
314 3720 436 3786 monuit
457 3721 493 3786 Ο.
519 3721 556 3786 F.
582 3720 634 3784 W.
659 3719 794 3785 Mueller
828 3719 992 3803 (Zeitsohr.
1020 3717 1042 3782 f.
1070 3716 1102 3781 d.
1128 3716 1268 3800 Gymn-

131 3826 250 3890 Wesen
273 3824 354 3888 XIX
376 3846 407 3909 p.
434 3826 522 3907 868).
571 3822 649 3888 Eius
672 3823 823 3907 exempla
846 3830 919 3888 suut
941 3823 1034 3886 haee:

157 3933 206 4009 16,
226 3939 242 3988 2
264 3913 407 4012 tadiqare
438 3928 542 4011 (oon.)
701 3925 857 4009 indagare

156 4035 207 4115 61,
226 4044 242 4093 6
267 4029 445 4094 tritiensium
703 4028 916 4094 Titiensium*

157 4138 196 4198 77
202 4187 208 4215 ,
229 4147 240 4196 1
266 4143 384 4198 cetoros
407 4157 504 4218 aquus
703 4133 818 4198 ceteris
841 4131 933 4214 aquis

137 4243 243 4323 112‚r
266 4237 356 4302 arsilli
381 4239 482 4322 (sorr.)
705 4237 801 4302 suilla
861 4309 867 4324 ,
