3064 5004
520 1191 839 1352 canusino.

626 1485 726 1496 —

195 1619 238 1684 M.
253 1621 384 1686 Terenti
396 1619 546 1686 Varronis
558 1620 598 1686 de
613 1621 725 1705 lingua
736 1619 851 1686 Latina
865 1621 1020 1686 librorum
1031 1642 1114 1706 quae
1130 1641 1244 1708 euper-

108 1729 183 1789 sunt
209 1723 298 1793 haud
319 1723 365 1790 ita
394 1725 507 1809 paucis
530 1723 693 1792 codicibus
716 1731 843 1790 servata
864 1724 908 1790 ad
936 1731 1077 1790 nostram
1105 1732 1243 1792 aetatem

106 1833 330 1912 pervenerunt,
357 1848 436 1912 quos
452 1829 595 1912 cmnee*)
622 1827 808 1894 iamdudum
823 1828 907 1894 inter
929 1829 1013 1894 viros
1036 1828 1145 1894 doctos
1168 1849 1244 1895 con-

108 1936 173 1996 stat
194 1951 234 1996 ex
256 1951 319 1997 uno
345 1929 403 1997 illo
424 1931 506 1998 libro
533 1929 725 2015 defluxisse,
758 1931 813 2017 qui
843 1933 971 1998 saeculo
994 1933 1041 1996 Xl
1070 1933 1104 1997 in
1126 1933 1244 1998 Montie

107 2032 218 2098 Casini
245 2035 436 2101 monasterio
464 2035 578 2102 litteris
601 2029 853 2121 Langobardicis
883 2043 1034 2102 exaratus
1064 2042 1097 2101 et
1125 2035 1243 2102 deinde

106 2137 289 2204 Florentiae
318 2138 352 2204 in
381 2139 576 2206 bibliotheca
597 2139 761 2205 Marciana
788 2138 978 2204 adservatae
1004 2159 1088 2204 nunc
1110 2140 1243 2206 Floren-

105 2239 172 2306 tiae
194 2241 227 2305 in
250 2241 445 2309 bibliotheca
460 2244 676 2309 Laurentiano
698 2243 800 2329 plutei
816 2244 858 2308 LI
880 2242 981 2309 codex
996 2243 1028 2308 X
1050 2251 1110 2309 est.
1150 2245 1243 2309 Hunc

106 2343 239 2424 librum,
265 2365 359 2430 quem
381 2354 457 2412 nota
478 2349 513 2412 F
529 2347 734 2432 significabo,
760 2367 844 2412 anno
866 2347 1010 2412 MDXXI
1032 2347 1146 2413 Petrus
1168 2347 1244 2413 Vic-

105 2448 206 2514 torius
221 2469 292 2515 cum
308 2471 356 2536 eo,
383 2471 445 2534 quo
463 2452 621 2535 utebatur,
647 2449 796 2518 editionis
820 2451 973 2536 principis
997 2451 1144 2534 exemplo
1167 2471 1243 2517 con-

105 2551 190 2634 tulit,
215 2551 251 2618 in
272 2554 362 2619 cuiue
384 2553 447 2620 fine
470 2554 551 2622 haec
571 2554 735 2639 leguntur:
772 2555 898 2620 »Petrus
913 2553 1070 2620 Victorius
1089 2574 1128 2619 ac
1146 2555 1243 2620 Jaco-

105 2653 166 2720 bue
188 2655 353 2723 Diaoetius
377 2658 567 2724 contulimus
597 2679 670 2724 cum
691 2665 817 2724 vetusto
848 2657 957 2723 codice
985 2677 1026 2723 ex
1054 2657 1121 2722 divi
1143 2658 1243 2723 Marci

104 2757 300 2827 bibliotheca
327 2762 429 2828 literis
459 2761 665 2847 longobardis
688 2769 836 2846 exarato,
869 2766 960 2827 tanta
982 2759 1150 2845 diligentia
1173 2761 1241 2828 eive

4 2953 6 2956 Ι
104 2863 214 2946 potius
227 2883 361 2931 ‘morosa
383 2866 613 2948 observatione,
641 2872 676 2931 ut
692 2864 744 2931 vel
760 2885 843 2948 quae
865 2863 899 2928 in
921 2884 960 2929 eo
983 2871 1127 2948 corrupte
1150 2864 1241 2948 lege-

104 2965 229 3049 bantur,
257 2967 291 3032 in
312 2968 398 3034 bunc
419 2969 704 3036 transtulerimus.«

191 3071 250 3136 His
265 3073 372 3139 verbis
394 3073 531 3139 confisus
547 3073 666 3140 Leonh.
685 3073 826 3157 Spengel
841 3070 972 3138 Victorii
994 3071 1147 3137 lectiones
1168 3071 1240 3137 ubi-

105 3193 183 3256 que,
217 3174 349 3258 perinde
372 3177 460 3242 acsi
483 3175 586 3263 ipsius
608 3175 727 3242 codicis
749 3181 874 3258 essent,
899 3174 933 3239 in
956 3194 1028 3239 eam
1050 3193 1146 3256 quam
1168 3173 1240 3258 ipse

105 3276 230 3360 paravit
243 3279 433 3344 Varroniani
455 3280 560 3366 operis
575 3279 749 3345 editionem
776 3279 816 3360 (a.
838 3279 929 3354 1826)
953 3277 1127 3342 transtulit.
1169 3277 1239 3343 Nec

104 3387 211 3447 tamen
232 3390 355 3450 tantam
376 3385 444 3451 illie
466 3384 563 3454 fidem
584 3385 704 3472 habere
726 3383 874 3449 debebat.
922 3382 1049 3448 Etenim
1068 3381 1236 3466 Victorino,

104 3506 168 3568 qua
190 3496 280 3554 erant
300 3488 389 3556 illiue
412 3488 535 3555 saeculi
557 3489 701 3555 homines
723 3487 757 3553 in
776 3486 939 3552 codicibus
962 3485 1164 3553 conferendis
1187 3506 1240 3551 eo-

105 3589 223 3674 cordia,
248 3613 313 3658 non
335 3594 440 3659 solum
456 3593 631 3659 sescenties
654 3591 727 3658 libn'
745 3591 918 3676 scripturas
933 3591 975 3656 ab
990 3589 1129 3656 editione
1151 3589 1239 3674 prin-

105 3692 175 3778 cipe
198 3693 416 3782 discrepantes
438 3716 567 3783 prorsus
588 3695 742 3780 neglexit,
770 3694 992 3761 verumetiam
1009 3712 1107 3778 saepe
1129 3691 1238 3758 codice

104 3796 207 3863 obiter
227 3797 371 3885 inspecto
393 3801 446 3867 vel
469 3800 591 3867 similes
614 3799 737 3866 litteras
760 3798 952 3885 permutavit
973 3797 1027 3863 vel
1049 3795 1239 3880 compendia

104 3899 281 3986 scripturae
303 3904 388 3970 male
410 3903 578 3970 intellexit.
802 3890 803 3893 ¹

172 4107 195 4172 *l
222 4109 277 4164 nisi
301 4111 376 4180 quod
400 4108 586 4178 fragmentum
609 4109 684 4179 quod
709 4109 808 4163 dicunt
826 4107 980 4162 (lesinenee
1003 4106 1093 4176 quinti
1117 4105 1181 4160 libri
1200 4105 1236 4160 dc

104 4193 173 4248 urbe
191 4195 282 4251 Roma
299 4198 390 4251 locum
409 4199 554 4253 continens
573 4213 607 4252 ex
626 4197 682 4251 alio
700 4196 856 4253 vetustiore
882 4192 959 4247 fonte
978 4198 1139 4262 excerptum
1157 4193 1238 4250 vide-

104 4289 158 4338 tur.
196 4284 257 4350 Qua
275 4285 311 4337 de
329 4300 360 4339 rc
378 4283 452 4338 conl.
473 4285 604 4353 Spengel,
625 4283 719 4338 Ueber
737 4283 784 4336 die
802 4280 898 4335 Kritik
916 4295 979 4348 pag.
993 4281 1042 4416 {¹3¹
1054 4295 1096 4349 eq.
