3064 5004
558 369 602 378 -
649 334 711 416 [aa]
760 371 801 380 -
1225 339 1244 398 5

111 520 213 586 oculis
229 521 335 586 statim
358 520 563 606 percipiatur,
589 523 741 604 quidnam
758 543 831 588 mea
846 521 972 587 collatio
994 523 1067 586 novi
1090 523 1242 605 attulerit,

112 625 259 690 omnibus
280 624 321 691 iis
344 625 543 708 lectionibus,
572 645 652 708 quas
674 626 738 691 iam
753 625 913 692 Victorius
935 632 1020 691 10010
1041 626 1075 691 in
1097 628 1245 713 exemplo

112 727 297 793 Monacensi
319 734 514 810 enotaverat,
539 729 679 794 litteram
703 733 736 792 V
753 727 875 812 addidi,
902 748 958 795 eas
978 723 1105 810 autem,
1123 749 1203 812 quas
1226 752 1246 796 a

111 831 250 898 Victorio
272 831 414 917 prolatas
436 831 469 896 in
491 831 560 918 ipso
584 832 694 898 codice
716 852 779 898 non
801 833 958 916 reperias,
991 832 1042 897 his
1063 833 1188 898 uncinis
1216 834 1240 919 1)

111 934 254 1000 inclusas
283 934 453 1019 adscripsi.
499 935 607 1001 Veluti
636 934 679 1000 ad
707 936 839 1001 verbum
869 934 955 1018 quod
984 942 1089 1002 exstat
1110 936 1144 1001 in
1166 937 1244 1002 edit.

113 1040 233 1124 Speng.
258 1060 290 1124 p.
310 1041 347 1102 21
373 1058 459 1104 vers.
478 1042 496 1103 3
520 1058 716 1121 »quaerere«
738 1038 898 1124 adscripsi
921 1060 1039 1122 »quare
1063 1043 1103 1103 V«
1126 1038 1242 1106 idest:

112 1142 177 1208 iam
200 1142 341 1226 Spengel
371 1150 500 1208 auctore
522 1143 660 1209 Victorio
683 1150 769 1208 recte
791 1143 929 1225 rettulit,
961 1164 1018 1229 pro
1040 1144 1096 1208 illo
1123 1167 1138 1204 1)
1146 1164 1247 1227 quae-

112 1267 203 1312 rere«
218 1245 361 1312 codicem
376 1249 409 1310 F
419 1247 537 1312 habere
552 1267 701 1330 »quare«.
735 1247 853 1313 Contra
868 1247 953 1330 quod
968 1247 1082 1333 scripsi
1100 1248 1144 1313 ad
1161 1251 1211 1330 13,
1230 1261 1245 1310 a

262 1347 513 1435 11ἒτυμο1ογἱαν]
540 1350 767 1434 ethimologiam
794 1351 1019 1436 (etymologica
1042 1352 1103 1434 V)«

110 1454 144 1519 id
161 1454 321 1537 significat
336 1454 510 1521 Victorium
534 1475 574 1520 01
590 1454 699 1520 codice
716 1461 863 1521 enotasso
885 1455 1148 1540 »etymologian«,
1174 1476 1246 1521 cum

110 1579 245 1624 revera
271 1559 317 1624 ibi
347 1559 498 1643 scriptum
523 1559 564 1624 sit
594 1557 875 1642 aethimologiam.
922 1559 1093 1625 Praeterea
1119 1559 1246 1643 siquid

110 1663 145 1729 in
167 1662 278 1728 codice
300 1662 367 1746 legi
389 1683 429 1728 01
452 1661 582 1728 Victorii
612 1661 739 1728 silentio
768 1662 943 1728 concludas
971 1670 1140 1748 propterea
1162 1663 1247 1748 quod

112 1766 164 1832 hic
187 1765 335 1832 editionis
363 1766 517 1852 principis
539 1766 729 1852 scripturam
751 1787 814 1832 non
840 1767 1025 1850 mutaverit,
1057 1766 1092 1831 id
1113 1765 1164 1832 his
1186 1787 1247 1832 un-

112 1871 193 1936 cinis
220 1873 250 1954 1]
277 1869 456 1953 significavi
477 1869 534 1951 ita,
560 1876 596 1935 ut
618 1868 645 1934 si
669 1869 863 1935 consentiret
880 1869 956 1936 edit.
975 1869 1076 1955 princ.
1095 1890 1166 1935 cum
1189 1890 1245 1936 co-

112 1973 193 2055 dice,
206 1974 352 2039 ‘litteram
372 1975 449 2056 [Vb
469 1973 497 2038 si
516 1972 720 2057 discreparet,
740 1972 845 2058 ipsam
861 1973 1010 2039 editionis
1024 1973 1125 2058 princ.
1147 1974 1254 2059 scrip:

110 2084 214 2143 turam
244 2077 356 2142 addita
385 2080 419 2140 V
447 2077 553 2142 littera
585 2076 651 2144 illis
684 2076 808 2142 uncinis
837 2083 982 2162 saeptam
1015 2077 1243 2142 adsoriberem.

111 2179 218 2245 Veluti
234 2180 319 2263 quod
330 2178 430 2245 habes
449 2183 499 2261 12,
517 2191 532 2240 4
548 2181 651 2262 neam]
671 2200 711 2245 ea
730 2181 794 2264 [V]
804 2205 828 2262 1,
847 2179 881 2245 111
897 2179 1057 2264 significat
1070 2201 1127 2265 pro
1143 2180 1247 2265 Spen-

110 2283 239 2368 geliano
262 2304 372 2349 neam«
395 2283 429 2347 in
452 2282 560 2348 codice
583 2301 655 2348 esse
678 2304 768 2367 »ea«,
793 2285 879 2350 idem
903 2289 1010 2350 autem
1033 2304 1105 2350 cum
1127 2283 1191 2349 iam
1213 2283 1247 2348 in

111 2387 187 2452 edit.
214 2387 314 2472 princ.
341 2388 511 2471 legeretur,
535 2385 710 2452 Victorium
732 2407 795 2451 non
818 2394 970 2452 mutasse.
1010 2387 1247 2452 (1011101000-

112 2492 220 2556 bulum
237 2490 445 2570 »communi«,
471 2488 556 2573 quod
574 2489 693 2573 legitur
710 2494 758 2572 16,
779 2502 805 2573 8,
831 2491 864 2555 in
879 2490 955 2555 edit.
975 2489 1075 2575 princ.
1094 2488 1246 2555 omissum

111 2601 176 2676 est,
212 2614 272 2660 neo
293 2593 451 2660 Victorius
474 2593 644 2677 quicquam
666 2594 803 2676 notavit,
831 2601 866 2660 ut
887 2614 959 2659 cum
982 2592 1155 2677 Spengelio
1178 2613 1247 2658 cre·

12 2754 16 2766 ,
111 2697 205 2762 deres
227 2696 309 2763 illud
330 2696 428 2762 etiam
451 2697 485 2762 in
507 2695 617 2762 codice
633 2697 786 2762 omissum
802 2714 885 2762 esse.
925 2697 1075 2762 Attamen
1097 2694 1179 2761 illud
1200 2695 1247 2760 ibi

110 2800 238 2884 legitur,
272 2800 335 2866 nisi
357 2801 457 2883 quod,
491 2801 574 2866 sicut
596 2820 704 2885 saepe,
737 2799 986 2865 unamlittera
1009 2798 1243 2884 scriptumest.

110 2904 149 2969 Id
172 2925 248 2989 ergo
271 2903 449 2989 significavi
478 2904 538 2970 hoc
564 2893 658 2970 modo
688 2908 761 2988 116,
781 2915 796 2966 8
820 2904 987 2987 communi]
1021 2902 1145 2968 comuni
1171 2904 1241 2986 [om.

118 3009 165 3091 V]
175 3033 199 3071 1.
247 3006 399 3073 Similiter
428 3011 517 3090 30,5
548 3007 603 3072 ubi
632 3027 693 3089 ego
722 3007 874 3073 adnotavi
903 3007 979 3091 »qui
1008 3008 1116 3092 prope]
1149 3005 1194 3069 sic
1218 3008 1251 3068 F

114 3110 243 3196 [quippe
267 3114 311 3196 V]
322 3135 336 3171 «
365 3110 468 3176 codex
489 3110 618 3194 quidem
641 3118 726 3177 recte
755 3112 888 3196 praebet
914 3111 989 3193 oqui
1010 3130 1138 3196 prope«,
1171 3109 1246 3174 Vic

109 3215 209 3280 torius
235 3221 343 3280 autem
371 3215 405 3280 id
433 3214 519 3299 quod
548 3215 583 3280 in
612 3214 689 3281 edit.
721 3214 822 3300 princ.
856 3220 961 3280 exstat
991 3213 1153 3298 »quippe«
1182 3233 1246 3278 non

110 3318 246 3383 mutavit
269 3318 377 3402 itaque
400 3317 541 3402 Spengel
570 3318 686 3383 bonam
709 3317 800 3382 illam
828 3316 997 3384 lectionem
1019 3336 1082 3381 non
1104 3315 1167 3381 nisi
1189 3315 1246 3381 de-

110 3420 279 3487 terioribus
302 3421 464 3488 codicibus
486 3421 592 3487 fulciri
607 3421 757 3506 opinatus
780 3427 838 3486 est.
879 3421 1125 3502 Nonnumquam
1149 3418 1246 3484 etiam

110 3528 253 3612 Spengel
276 3527 364 3611 ipsas
379 3525 511 3593 Victorii
533 3527 687 3593 lectiones
709 3525 743 3590 in
759 3525 930 3592 editionem
950 3545 1040 3590 suam
1063 3525 1168 3590 minus
1190 3545 1246 3590 ac-

111 3637 218 3696 curate
241 3631 419 3713 transtulit,
453 3629 631 3695 cuiusmodi
653 3630 738 3695 locos
760 3628 914 3694 asterisco
937 3632 971 3692 V
988 3628 1115 3693 litterae
1137 3626 1247 3693 addito

110 3733 247 3818 signavi.
294 3734 403 3799 Veluti
424 3733 459 3799 id
481 3733 566 3816 quod
588 3731 740 3799 adnotavi
773 3733 816 3798 ad
839 3734 912 3816 259,
932 3745 948 3794 o
971 3734 1062 3814 aquo]
1095 3731 1151 3814 qui
1174 3732 1245 3794 V*«

111 3837 272 3920 significat
293 3837 409 3902 bonam
432 3836 600 3903 lectionem
616 3837 678 3920 qai,
704 3856 801 3920 quam
814 3836 966 3921 'Spengel
989 3855 1031 3900 01
1052 3855 1115 3900 uno
1137 3834 1245 3900 codice

110 3940 288 4007 Havniensi
311 3942 419 4023 affert,
451 3941 485 4005 in
506 3939 690 4006 Florentino
711 3959 837 4023 quoque
859 3940 940 4005 libro
962 3937 1116 4021 inveniri,
1149 3936 1246 4021 idque

110 4043 283 4110 Victorium
312 4050 398 4110 recte
422 4050 579 4110 enotasse.
627 4043 689 4109 Ubi
712 4042 850 4126 denique
872 4043 981 4108 variae
1005 4042 1122 4108 codicis
1145 4041 1247 4126 scrip-

110 4155 202 4214 turae
218 4147 297 4213 nibil
316 4147 430 4230 adieci,
459 4146 504 4212 ibi
519 4145 650 4213 Victorii
672 4146 767 4212 lectio
790 4147 905 4212 eadem
927 4153 977 4212 est
997 4152 1093 4230 atque
1116 4146 1243 4226 lemma,

109 4251 133 4317 i.
159 4272 187 4316 e.
220 4251 352 4318 verbum
386 4271 427 4316 01
456 4257 604 4317 0011101111
635 4249 851 4335 Spengeliano
882 4249 1089 4334 exscriptum.
1139 4247 1247 4316 Veluti

1328 323 1334 356 l
