3064 5004
576 1233 808 1334 ursinus
826 1231 1077 1378 'cuononis

345 1455 420 1518 pag.
448 1437 466 1497 a
492 1435 525 1498 n
551 1469 557 1482 ·
583 1435 772 1500 ananum
794 1435 1009 1501 unasonrs
1035 1473 1042 1486 ·
1068 1435 1291 1502 naamam
1320 1418 1394 1501 ml-

261 1538 366 1603 'IINA
391 1537 481 1602 ·,DE
495 1534 752 1603 'DISCIPLINA
776 1529 1020 1604 calamum·
1046 1533 1278 1606 VERBORVM
1304 1577 1310 1590 ·
1335 1540 1395 1604 ΑΙ)

261 1641 506 1707 CICERONEM
535 1641 663 1705 LIBER
689 1676 696 1690 ·
720 1641 785 1706 1111
805 1678 811 1691 ·
828 1643 1033 1709 EXPLICIT
1052 1681 1059 1693 ·
1077 1644 1151 1709 INC
1170 1680 1177 1693 ·
1196 1645 1265 1708 LIB
1285 1680 1291 1694 ·
1309 1645 1362 1709 V·
1384 1644 1398 1730 Η

265 1749 338 1828 12,4
352 1742 600 1831 ἐτνμολονικήν]
615 1741 861 1829 ethimologicen
871 1749 890 1831 ¹)
913 1741 1211 1832 (etymologioen'V)
1231 1747 1244 1832 Η
1260 1751 1343 1831 cam]
1357 1769 1398 1813 ea

266 1849 330 1932 [V]
349 1850 362 1934 Η
382 1852 429 1929 13,
451 1861 462 1910 1
488 1868 582 1932 quom
605 1848 710 1932 unius]
736 1849 788 1914 eui
810 1849 904 1915 unius
931 1852 1016 1934 [W]
1036 1851 1079 1934 Η3
1103 1870 1198 1934 quom
1221 1851 1393 1934 quaeritur]

263 1971 334 2016 cum
348 1951 489 2034 sequitur
504 1953 568 2034 [V]
578 1948 592 2038 Η
601 1947 790 2034 ostenditur]
806 1945 1007 2018 hostenditur
1022 1953 1035 2038 Η
1050 1964 1066 2014 4
1081 1952 1310 2038 pertendendo]
1323 1972 1398 2038 per-

261 2056 357 2121 tendo
376 2057 439 2138 [V]
459 2055 471 2140 ΗΗ
488 2057 620 2140 aquom]
637 2075 709 2120 oum
716 2058 736 2139 ²)
762 2057 826 2138 [V]
846 2057 859 2138 Ι)
874 2067 890 2117 9
907 2053 1137 2141 sevocabo]
1157 2056 1397 2138 ethimologiam

267 2159 493 2243 (etymologian
513 2162 557 2242 V)
586 2159 598 2244 Η
621 2155 704 2244 bapt
717 2163 983 2246 σημαινομένων]
1003 2160 1399 2224 IIEPCbMAINCME-

266 2264 366 2327 nou
396 2266 430 2327 V
448 2263 460 2348 Η
480 2268 528 2346 rr,
545 2275 555 2324 1
571 2263 698 2346 exilius]
717 2286 797 2328 aar.
811 2286 848 2326 a
864 2263 1003 2346 extruas,
1021 2264 1131 2328 aava.
1153 2265 1205 2346 px
1218 2263 1285 2328 ruis
1302 2265 1370 2346 Vq
1387 2247 1400 2351 Η

263 2367 455 2450 obscuriora]
482 2389 563 2430 corr.
582 2390 619 2430 ca
634 2367 797 2433 osouriora
812 2367 824 2452 Η
841 2378 856 2426 2
872 2369 970 2450 extat]
997 2367 1114 2432 exstat
1136 2368 1148 2452 ΗΗ
1173 2371 1223 2449 15,
1245 2379 1255 2428 1
1281 2367 1395 2453 tmpus]

261 2469 351 2534 ineos
360 2473 380 2554 ³)
408 2470 421 2555 Η)
445 2479 460 2530 2
482 2471 589 2552 quaml
615 2489 680 2551 qua
702 2468 714 2553 Η
737 2469 899 2555 impotem]
928 2470 1135 2555 impotentem
1162 2472 1226 2554 [Vl
1252 2469 1264 2556 Η
1289 2482 1303 2540 ,3
1326 2490 1395 2556 pos,

263 2575 368 2656 quam]
395 2578 564 2657 postquam
591 2573 656 2655 [V]
675 2573 687 2658 Η
702 2573 817 2657 impos]
843 2574 877 2638 in
898 2593 956 2658 pos
966 2577 987 2656 3)
1007 2573 1020 2659 Η
1035 2576 1104 2659 pos]
1130 2596 1212 2638 corr.
1231 2597 1269 2637 ea
1291 2593 1371 2659 pons
1389 2584 1401 2672 Η

268 2681 317 2758 lo,
339 2688 349 2737 1
375 2674 523 2758 lugitiua]
550 2677 659 2760 corel)
679 2700 717 2739 ec
739 2676 880 2761 sugium)
901 2677 945 2762 Η2
968 2675 1132 2762 indagare]
1159 2679 1270 2762 corel)
1290 2701 1328 2741 ec
1349 2678 1400 2742 in-

264 2779 376 2864 digarc
393 2779 436 2865 Η3
461 2779 488 2844 si
509 2780 650 2863 quivero]
676 2782 787 2865 corel]
813 2803 851 2844 ca
874 2780 955 2863 siqui
972 2783 1058 2866 eroli
1078 2783 1091 2868 Η
1107 2781 1306 2863 mediocreis]
1332 2801 1400 2846 mc-

336 3021 353 3084 1)
375 3021 419 3074 De
432 3021 632 3076 vocabulorum
649 3035 813 3089 graecorum
831 3021 907 3091 apud
920 3021 1072 3077 Varronem
1086 3021 1175 3077 forma
1188 3021 1225 3076 of.
1240 3021 1272 3077 Ο.
1286 3023 1402 3077 Mueller

266 3121 330 3175 pag.
347 3106 481 3171 XXXIX,
502 3106 639 3161 Stuenkel
657 3107 676 3160 l.
696 3106 715 3161 l.
735 3124 763 3177 p.
777 3109 802 3172 5,
823 3105 899 3176 Aug.
919 3109 1038 3162 Mueller
1056 3109 1074 3163 l.
1095 3109 1113 3162 l.
1134 3125 1161 3178 p.
1180 3111 1211 3160 32
1222 3124 1282 3179 sqq.
1298 3109 1339 3175 11²)
1362 3110 1401 3164 sic

267 3198 429 3247 constanter
446 3194 475 3246 in
494 3194 591 3248 codice
610 3194 744 3262 scrIptum
763 3199 821 3256 est,
842 3195 918 3264 quod
936 3210 992 3248 non
1010 3195 1129 3264 amplius
1148 3196 1270 3251 enotabo
1289 3195 1338 3261 113)
1359 3196 1402 3249 his

266 3280 371 3334 lilteris
389 3280 506 3354 subesse
524 3281 638 3336 videtur
656 3279 748 3350 lupos,
775 3295 847 3348 quae
870 3281 982 3350 quidem
1008 3277 1097 3334 forma
1114 3281 1184 3336 alibi
1207 3281 1237 3335 in
1261 3281 1359 3335 codice
1377 3280 1405 3332 F

267 3381 322 3420 non
340 3367 445 3435 legitur
461 3369 472 3432 Η
488 3367 508 3431 ⁴)
528 3366 641 3421 litterae
653 3366 683 3431 ιε’,
703 3385 729 3430 a,
749 3383 764 3418 ν
783 3383 800 3420 a
817 3367 974 3435 posteriore
992 3383 1074 3422 manu
1086 3367 1219 3423 videntur
1231 3369 1403 3437 superscrip-

165 3521 169 3531 ἱ
267 3458 314 3507 tae
332 3469 407 3519 esse,
428 3469 594 3523 quamquam
613 3469 664 3507 suo
682 3453 743 3507 iure
761 3451 884 3522 Spengel
905 3452 1005 3517 (Ucber
1024 3453 1071 3508 die
1089 3453 1194 3520 Kritik,
1214 3471 1242 3522 p.
1255 3457 1313 3519 434)
1334 3453 1403 3509 haec

266 3540 367 3594 tradis:
399 3539 476 3594 »Von
499 3541 625 3608 spaterer
643 3537 725 3593 Hand
748 3538 787 3593 ist
812 3539 863 3592 der
880 3538 955 3593 Text
978 3539 1135 3594 unberlihrt
1156 3540 1321 3608 geblieben,
1347 3541 1402 3595 und
1520 3557 1521 3564 ¹

269 3628 358 3683 selbot
382 3627 428 3681 die
446 3627 574 3694 wenIgen
591 3623 800 3694 Aenderungcn
822 3626 879 3680 und
904 3625 1194 3694 ilbergeschriebcnon
1212 3626 1400 3684 Buchstaben.
1520 3679 1521 3702 ,

269 3714 316 3769 bei
335 3714 425 3768 denen
443 3728 506 3767 man
524 3710 653 3767 nweifeln
672 3711 756 3777 kann,
777 3711 813 3766 ob
832 3713 873 3766 sie
891 3727 955 3768 vom
968 3713 1118 3769 Schreiber
1135 3714 1205 3768 oder
1217 3729 1273 3769 von
1291 3715 1404 3768 aweiter
1520 3703 1521 3778 ]

269 3800 352 3854 Hand
370 3799 531 3863 herulihron,
553 3800 616 3854 sind
635 3798 780 3854 vielleicht
798 3799 853 3853 alle
871 3815 927 3854 von
945 3805 1035 3854 erster
1052 3799 1153 3853 Hand«
1172 3800 1183 3864 Η
1199 3800 1219 3864 ⁵)
1239 3799 1313 3854 inter
1324 3799 1404 3870 supi-
1520 3795 1521 3822 ¹

269 3887 327 3940 tica
346 3892 376 3940 et
393 3891 482 3940 cecata
504 3887 582 3941 nulla
599 3885 788 3954 interpunctio
811 3890 917 3952 exstat;
943 3883 1065 3941 fortasse
1088 3885 1238 3953 legendum
1257 3891 1314 3940 est:
1345 3885 1400 3949 illc,
1520 3899 1521 3928 r

270 3993 337 4044 quaa
355 3973 410 4027 iam
427 3972 575 4027 maioribus
587 3973 685 4027 nostris
703 3972 801 4026 redemit
819 3969 945 4040 obllnlo‚
963 3970 1097 4037 lngltlna
1110 3969 1232 4026 saccula
1244 3976 1254 4038 ΙΙ
1267 3973 1287 4037 ⁶)
1308 3972 1403 4040 legen-

271 4063 336 4116 dum
349 4067 393 4116 est
405 4059 432 4114 sl
444 4059 550 4126 qnlcro
591 4060 760 4114 Rectissime
774 4059 846 4114 enlm
859 4059 980 4129 Spengel
1002 4059 1158 4124 (Emendat.
1169 4060 1287 4115 Varron.
1302 4075 1377 4128 spec.
1392 4059 1405 4112 Ι

269 4166 296 4219 p.
313 4151 337 4213 5)
359 4148 511 4203 Varronem
530 4146 686 4210 verborum,
708 4145 756 4200 ubi
774 4145 834 4200 fieri
853 4146 953 4215 possit,
973 4145 1167 4200 brevissimam
1186 4151 1215 4200 et
1234 4152 1405 4202 contractam

269 4235 386 4290 formam
403 4234 539 4303 praebere
558 4234 642 4287 docet
660 4233 746 4303 idque
764 4238 808 4287 tot
825 4232 1000 4302 comprobari
1021 4233 1103 4297 locis,
1129 4238 1161 4287 ut
1178 4233 1341 4302 paucissImi
1360 4234 1405 4304 qui
