3064 5004
295 358 314 416 4
736 389 780 400 -
812 333 889 436 'ror
938 389 978 399 -

381 541 487 620 Quare
509 560 572 606 non
595 540 709 606 mirum
732 547 781 605 est
810 540 875 605 iam
897 541 1127 625 Hieronymum
1150 540 1426 624 Lagomarsinum,

295 645 349 729 qui
371 665 455 710 anno
477 643 656 710 MDCOXL
679 642 819 709 codicem
841 644 1058 709 Florentinum
1081 645 1261 710 accuratius
1283 644 1425 726 contulit,

295 755 327 814 et
349 755 461 834 postea
482 748 563 813 alios
586 747 672 812 viros
689 745 798 812 doctos
813 747 847 811 in
863 767 934 812 eam
956 747 1112 812 adductos
1131 766 1202 813 esse
1222 746 1425 830 sententiam,

295 858 330 917 ut
351 858 506 934 negarent
527 849 744 916 Victorianum
772 850 864 915 illum
890 849 1005 916 librum
1028 851 1166 916 eundem
1188 870 1259 917 esse
1281 871 1320 916 ac
1343 851 1428 914 Lau-

295 955 484 1020 rentianum.
526 953 616 1032 Quae
631 953 758 1038 quidem
777 952 885 1038 opinio
908 974 980 1018 cum
1002 955 1168 1040 permultis
1191 954 1264 1020 aliis
1286 953 1429 1019 minutiis

295 1064 380 1122 certo
403 1057 567 1138 refutatur,
594 1075 675 1140 quas
694 1056 867 1121 aVictorio
889 1057 1040 1122 laudatas
1062 1057 1097 1122 in
1118 1064 1225 1123 nostro
1248 1057 1356 1123 codice
1378 1077 1429 1122 re-

295 1160 419 1244 perias,
445 1166 512 1225 tum
534 1160 629 1225 rubro
650 1159 757 1243 aliquo
779 1165 915 1243 puncto,
942 1158 983 1224 de
1005 1180 1068 1242 quo
1091 1159 1176 1224 infra
1197 1159 1230 1224 in
1252 1160 1360 1225 adnot.
1386 1157 1429 1224 ad
1522 1151 1525 1308 Ι

298 1267 423 1346 533,14
446 1263 694 1329 verbafaciam.
778 1341 780 1344 Ι

382 1366 631 1450 Lagomarsinus
661 1372 769 1431 autem
799 1366 855 1432 illo
886 1365 1015 1450 quidem
1045 1365 1248 1450 diligentius,
1282 1365 1317 1431 id
1346 1364 1432 1449 quod
1524 1385 1525 1392 ¹

296 1490 394 1555 supra
415 1468 539 1553 monui,
566 1469 685 1535 codicis
708 1470 881 1554 scripturas
904 1469 1058 1551 enotavit,
1086 1476 1226 1535 adamen
1248 1490 1331 1554 quae
1354 1487 1431 1553 pas·
1523 1395 1525 1538 ι

296 1573 356 1637 sim
379 1594 419 1639 ex
442 1573 511 1639 eius
534 1573 704 1638 collatione
726 1571 873 1638 Niebuhr
894 1578 927 1637 et
948 1572 1135 1638 Lachmann
1157 1573 1358 1649 rettulerunt,
1388 1591 1429 1636 ne

296 1677 368 1761 ipsa
383 1677 513 1760 quidem
529 1677 609 1742 satis
623 1683 771 1742 accurate
787 1696 924 1760 eaquae
940 1676 973 1741 in
990 1675 1098 1742 codice
1114 1677 1264 1758 leguntur
1278 1674 1426 1740 reddunt.

381 1781 494 1862 Itaque
510 1779 570 1844 viri
586 1779 670 1844 docti
685 1786 786 1844 artem
804 1779 944 1844 criticam
959 1778 993 1844 in
1004 1779 1210 1845 Varronianis
1233 1778 1322 1845 libris
1338 1798 1430 1843 exer-

295 1882 430 1949 cendam
452 1883 538 1949 omni
560 1890 644 1948 certo
666 1883 875 1949 fundamento
903 1890 968 1948 tam
992 1883 1047 1949 diu
1077 1904 1186 1950 carere
1214 1882 1426 1964 consentiunt,

295 2008 390 2071 quam
413 1973 472 2052 did
491 2008 575 2052 nova
596 1987 773 2052 Florentini
794 1987 914 2052 codicis
943 1987 1115 2054 collatione
1143 1986 1286 2053 destituti
1316 1986 1426 2051 simus.
1524 2003 1525 2012 ¹

296 2090 399 2169 Quam
427 2091 557 2174 quidem
586 2091 627 2156 ab
657 2090 794 2155 Henrico
823 2091 898 2156 Keil
929 2091 1105 2157 confectam
1134 2090 1277 2177 possidet
1306 2089 1426 2156 Leonh.

296 2193 439 2279 Spengel
465 2193 559 2276 (conf.
586 2194 745 2277 Spengel,
779 2194 888 2259 Ueber
909 2193 963 2259 die
985 2194 1094 2259 Kritik
1116 2217 1149 2280 p.
1170 2195 1263 2278 432),
1298 2192 1430 2259 sedhic

296 2296 344 2361 vir
366 2295 568 2362 doctissimus
591 2302 623 2361 et
653 2297 693 2362 de
715 2297 857 2362 Varrone
887 2297 1004 2382 optime
1034 2298 1166 2363 meritus
1194 2317 1308 2362 novam
1336 2296 1430 2360 huius

297 2399 458 2483 scriptoris
486 2398 676 2482 editionem,
712 2419 810 2482 quam
840 2419 897 2484 per
927 2401 1089 2485 complura
1117 2400 1182 2465 iarn
1212 2399 1369 2465 decennia
1397 2399 1430 2462 in

298 2503 422 2586 scriniis
446 2509 561 2586 servat,
587 2502 666 2568 iuris
690 2503 811 2588 publici
833 2503 939 2569 facere
962 2503 1068 2569 adhuc
1089 2505 1200 2570 noluit.

383 2605 487 2684 Quam
513 2607 642 2672 obrem
672 2627 748 2691 ego,
782 2626 853 2672 cum
883 2628 967 2672 anno
993 2610 1071 2671 1877
1105 2607 1271 2673 occasione
1296 2605 1433 2672 feliciter

297 2709 407 2774 oblata
439 2730 497 2794 per
525 2709 647 2793 aliquot
676 2729 804 2775 menses
834 2710 1016 2776 Florentiae
1045 2710 1161 2776 morari
1195 2710 1274 2775 mibi
1306 2709 1427 2790 liceret,

296 2819 423 2877 auctore
451 2819 484 2878 et
511 2831 645 2878 suasore
675 2812 835 2878 Guilelmo
864 2813 1065 2879 Studemund
1091 2814 1143 2879 bis
1171 2814 1262 2879 illum
1289 2811 1431 2879 codicem

297 2936 392 2999 quam
414 2915 653 2982 accuratissime
683 2916 773 3001 potui
802 2937 873 2982 cum
896 2917 1115 3002 Spengeliana
1143 2917 1282 2983 editione
1313 2915 1431 2981 contuli

297 3041 469 3112 omnesque
499 3019 675 3106 scripturae
703 3019 937 3105 discrepantias
964 3021 997 3087 in
1026 3021 1174 3107 exemplo
1196 3042 1267 3087 meo
1290 3019 1427 3086 enotavi.
1523 3099 1524 3118 Χ

297 3126 388 3189 Hanc
411 3130 517 3190 autem
541 3123 713 3190 editionem
736 3124 966 3191 Muellerianae
987 3125 1059 3191 ideo
1082 3125 1232 3211 praetuli,
1257 3125 1335 3210 quia
1356 3144 1432 3190 con·
1523 3177 1524 3180 ,

296 3235 417 3294 textum
441 3228 691 3312 Varronianum,
718 3229 823 3312 qualis
845 3229 1019 3312 antiquitus
1041 3229 1177 3295 traditus
1200 3237 1263 3314 est,
1290 3230 1432 3314 Spengel

297 3332 396 3396 multo
418 3331 546 3398 fidelius
569 3332 720 3416 servavit,
747 3352 818 3397 oum
833 3333 969 3398 Mueller
991 3339 1024 3397 et
1046 3351 1122 3399 suas
1144 3340 1177 3399 et
1199 3333 1333 3399 aliorum
1356 3354 1431 3399 con-

296 3437 434 3502 iecturas
457 3442 620 3502 sescentas
642 3437 675 3501 in
698 3436 843 3502 ordinem
866 3437 1034 3502 verborum
1056 3438 1222 3523 receperit.

382 3538 508 3604 Deinde
530 3539 563 3604 in
593 3540 730 3625 patriam
753 3558 901 3606 reversus
923 3539 965 3605 ad
994 3540 1078 3606 hanc
1104 3561 1208 3606 meam
1231 3540 1430 3606 collationem

295 3643 401 3727 ipsum
424 3641 505 3707 illud
526 3642 676 3709 editionis
699 3643 852 3728 principis
875 3645 1057 3728 exemplum
1079 3665 1100 3710 a
1121 3643 1260 3710 Victorio
1283 3664 1353 3710 oum
1376 3664 1431 3709 co-

297 3747 368 3811 dice
390 3747 541 3811 collatum
563 3745 713 3827 adhibui,
747 3746 833 3830 quod
862 3767 933 3812 oum
954 3768 1039 3813 nuno
1063 3749 1097 3813 in
1124 3747 1320 3830 bibliotheca
1341 3749 1432 3831 regia

297 3849 483 3915 Monacensi
498 3849 695 3932 adservetur,
720 3850 745 3916 ii
759 3852 814 3934 qui
836 3850 911 3916 huic
932 3858 1086 3937 praesunt
1106 3851 1337 3936 benignissime
1359 3873 1432 3918 mea

298 3973 396 4019 causa
417 3954 663 4037 Argentoratum
693 3954 947 4020 transmiserunt.
994 3957 1098 4039 Atque
1128 3955 1192 4021 iarn
1221 3955 1340 4022 laboris
1370 3957 1432 4022 mei

298 4058 418 4123 fructus
439 4058 473 4122 in
496 4059 556 4123 boc
578 4059 687 4124 libello
709 4059 755 4123 ita
770 4059 945 4143 composui,
971 4066 1006 4124 ut
1022 4059 1049 4125 si
1064 4080 1147 4143 quae
1162 4061 1261 4126 verba
1284 4060 1432 4126 editionis

298 4161 537 4246 Spengelianae
550 4181 621 4226 curn
634 4160 742 4228 codice
754 4182 817 4227 non
832 4183 961 4246 prorsus
977 4164 1190 4247 concinerent,
1208 4164 1347 4230 adhaec
1362 4166 1433 4230 ubi-

298 4284 359 4348 que
382 4285 422 4329 ea
437 4263 664 4348 adscriberem,
690 4285 773 4349 quae
795 4286 853 4350 pro
868 4265 909 4332 iis
923 4267 957 4331 in
974 4267 1083 4333 codice
1099 4275 1236 4334 exstant.
1269 4269 1431 4338 Utautem
