3064 5004
266 346 305 408 14
712 379 755 390 -
801 344 866 426 [aa]
913 380 957 390 -

262 531 417 598 vocabulo
438 539 585 609 mortem,
615 530 700 615 quod
721 531 756 596 in
778 531 920 598 editione
943 532 1162 617 Spengeliana
1184 532 1311 616 legitur,
1344 553 1402 599 co-

264 634 345 702 dicis
368 635 537 702 lectionem
560 635 677 700 clitum
697 635 732 700 iu
753 635 824 720 ipso
846 636 1014 702 verborum
1029 635 1299 703 Varronianorum
1322 655 1403 701 con-

265 743 354 803 textu
376 737 608 804 restituendam
630 737 743 804 videri.

350 840 605 926 Orthographica
626 862 753 926 qnoque
769 861 810 908 ex
824 844 859 906 F
875 841 983 908 omnia
1004 848 1153 909 weurate
1168 841 1324 927 exscripsi
1338 863 1402 908 nec

263 943 331 1012 fore
353 945 450 1028 taoni,
476 944 540 1011 uisi
562 944 642 1011 istas
665 969 691 1024 e,
718 968 768 1026 oe,
796 969 832 1010 oe
854 945 1032 1012 litterarum
1055 946 1332 1028 commutationes,
1359 946 1403 1012 de

265 1048 380 1132 quibus
402 1067 499 1133 supra
521 1046 716 1131 dictumest,
741 1055 909 1134 praeterea
924 1055 1031 1115 autem
1047 1048 1127 1116 haec
1143 1069 1227 1132 quae
1241 1055 1306 1115 tam
1323 1069 1402 1115 cou-

264 1157 385 1242 stanter
407 1150 441 1216 iu
462 1151 573 1218 codice
595 1151 715 1236 scripta
737 1159 826 1234 sunt,
860 1159 895 1218 ut
921 1152 983 1218 hoo
1011 1153 1143 1234 lococa
1164 1160 1318 1236 congesta
1340 1153 1401 1218 sub

265 1273 327 1319 nuo
350 1260 480 1340 aspectu
503 1275 621 1340 ponere
644 1254 842 1320 commodius
864 1255 969 1322 risum
991 1256 1048 1320 sit:
1091 1255 1281 1322 constanter
1301 1255 1403 1340 igitur

259 1358 297 1442 ¹in
319 1360 353 1424 F
370 1358 549 1424 scribuntur
572 1366 722 1444 qaauaor
743 1363 776 1424 et
799 1358 923 1424 litterae
945 1366 978 1426 et
998 1359 1113 1442 reliqui
1134 1359 1231 1425 huius
1252 1361 1401 1427 vocabuli

264 1479 359 1528 casus
393 1461 466 1545 (nisi
487 1461 572 1546 quod
597 1466 646 1542 14,
666 1475 681 1523 5
705 1461 858 1547 scriptum
886 1468 935 1528 est
965 1463 1091 1548 litam).
1138 1462 1265 1529 Deinde
1293 1485 1395 1548 qaam,

264 1565 389 1651 quoius,
422 1565 546 1632 similes
568 1566 704 1648 formae,
738 1585 820 1649 quas
848 1566 1038 1633 recentiores
1064 1563 1188 1632 codices
1211 1567 1400 1652 saepissime

264 1668 479 1750 restituerunt,
504 1669 538 1734 iu
553 1671 587 1734 F
603 1689 666 1734 non
688 1669 840 1752 leguntur
860 1669 923 1736 nisi
946 1670 1138 1753 aliquotiens
1160 1669 1194 1736 iu
1217 1670 1401 1755 posteriori-

265 1806 325 1871 bus
348 1806 449 1872 rinos.
496 1807 605 1874 nares
629 1807 714 1874 enim
737 1809 811 1890 423,
832 1818 863 1869 12
885 1807 1016 1893 qam,-
1037 1812 1112 1892 442,
1132 1823 1147 1871 5
1171 1769 1268 1896 quiin·
1291 1813 1364 1892 443,
1384 1820 1400 1869 e

266 1904 380 2029 qiim
403 1951 475 2026 444,
496 1957 511 2007 a
534 1905 634 2032 §iiim
657 1948 730 2032 487,
751 1957 766 2008 3
789 1945 920 2030 quoto·
943 1951 1067 2029 545,11
1092 1946 1211 2031 quota.

350 2067 387 2131 In
418 2055 624 2134 adnotatione
652 2065 811 2150 adscripsi
840 2085 950 2133 omues
980 2087 1036 2133 aas
1066 2067 1205 2134 virorum
1237 2066 1400 2133 doctorum

265 2169 475 2252 coniecturas,
502 2169 617 2252 quibus
638 2190 722 2236 nova
737 2189 833 2252 quarn
853 2168 977 2236 institui
1000 2170 1170 2236 collatione
1186 2169 1306 2236 codicis
1327 2171 1401 2255 plus

265 2274 412 2339 minusve
434 2272 669 2357 probabilitatis
690 2272 843 2340 accedere
868 2273 1041 2338 videretur.
1087 2275 1201 2358 Itaque
1223 2274 1399 2340 sescenties

265 2376 419 2443 Odolredi
445 2376 590 2442 Muelleri
619 2396 734 2442 nomon
763 2376 808 2442 ibi
834 2375 996 2458 invenies,
1031 2376 1084 2460 qui
1114 2377 1194 2444 mira
1224 2376 1399 2460 sagacitate

266 2479 453 2566 saepissime
483 2499 540 2547 eas
575 2479 751 2565 scripturas
777 2499 796 2545 e
825 2478 1036 2546 deterioribus
1071 2480 1161 2546 libris
1195 2478 1399 2564 depromptas
1526 2481 1527 2490 ’

265 2584 299 2652 in
331 2583 475 2650 ordinem
508 2583 667 2669 reposuit,
703 2603 784 2666 quas
817 2603 879 2666 ego
906 2582 940 2648 in
969 2583 1127 2650 communi
1155 2583 1283 2650 illorum
1312 2582 1399 2648 fonte

267 2688 404 2774 repperi.

240 2826 265 2858 ·.
351 2793 588 2873 Nonnunquam
610 2789 680 2873 ipse
703 2794 835 2865 conatus
857 2809 929 2855 sum
951 2795 1098 2874 cormpto
1120 2788 1218 2856 alicui
1239 2790 1310 2855 loco
1331 2809 1400 2855 me-

268 2895 406 2963 dicinam
435 2894 600 2960 adhibere.
647 2893 787 2972 Quarum
816 2899 924 2959 tamen
954 2893 1207 2959 coniecturarum
1240 2893 1269 2959 si
1302 2913 1398 2958 unam

268 2999 362 3065 modo
384 3006 441 3066 aut
462 2999 595 3064 alteram
610 2997 688 3062 viris
710 2996 811 3063 doctis
833 2997 1020 3081 probavero,
1046 2997 1125 3062 satis
1139 2997 1275 3064 habebo.
1315 2998 1399 3062 Nam

268 3105 291 3170 ii
314 3110 387 3170 sunt
408 3103 442 3168 ui
465 3102 536 3169 libri
551 3100 751 3185 Varroniani,
777 3100 948 3185 inquibus
972 3100 1180 3166 emendandis
1202 3101 1300 3167 etiam
1323 3100 1399 3166 doc-

268 3208 383 3274 tissimi
405 3207 465 3273 viri
488 3205 693 3272 multifariam
716 3205 901 3272 erraverint.
1018 3219 1019 3224 ’

354 3312 467 3378 Libros
489 3318 522 3378 et
543 3310 843 3393 commentationes,
873 3309 989 3391 quibus
1009 3309 1043 3374 in
1065 3309 1126 3375 hoc
1147 3310 1301 3394 opusculo
1323 3329 1401 3374 con-

268 3416 436 3483 scribendo
464 3422 590 3502 praeter
612 3414 778 3499 Spengclii
807 3420 839 3480 et
867 3412 1013 3478 Muelleri
1043 3412 1200 3478 editiones
1227 3413 1400 3497 praecipue

194 3544 196 3557 ⁴
269 3539 450 3603 naussum,
477 3518 529 3584 hic
551 3517 661 3603 posui:

288 3657 295 3669 ¹
355 3642 391 3706 L.
428 3640 587 3724 Spengel,
634 3636 898 3704 Emendationum
931 3635 1198 3702 Varronianarum
1239 3633 1400 3720 specimen

268 3744 296 3810 1.
321 3744 482 3810 Monachii
506 3745 598 3826 1830,

354 3849 452 3932 idem,
477 3847 584 3914 Ueber
605 3845 658 3911 die
672 3844 781 3910 Kritik
802 3842 859 3909 der
873 3843 1109 3909 Varronischen
1130 3842 1256 3908 Bltoher
1277 3842 1318 3908 de
1339 3840 1401 3905 lin-

270 3945 335 4039 gna
357 3953 472 4019 Latina
503 3951 545 4036 (iu
567 3949 656 4015 Actis
678 3947 872 4014 Academiae
894 3949 974 4031 Reg.
1000 3949 1117 4013 Bavar.
1142 3946 1238 4012 class.
1264 3945 1401 4030 philos.-

269 4058 424 4143 philolog.
449 4055 512 4121 vol.
537 4055 598 4119 VH
623 4055 716 4134 1855,
742 4073 773 4136 p.
793 4051 995 4135 rer-482),

356 4161 456 4243 idem,
488 4156 720 4225 commentatio
750 4154 791 4221 de
817 4153 1019 4221 emendanda
1039 4153 1161 4219 ratione
1182 4151 1333 4217 librorum
1355 4150 1398 4214 M.

271 4265 400 4332 'Ferenti
421 4263 572 4329 Varronis
596 4261 638 4328 de
660 4261 773 4345 lingua
794 4259 920 4326 Latina.
967 4258 1127 4324 Monachii
1153 4259 1243 4338 1858,
