3064 5004
291 335 310 395 c
733 367 775 376 -
821 330 884 412 [sq
932 367 974 376 -

292 526 339 603 15,
361 531 377 580 2
404 520 504 586 codex
526 519 659 605 praebet
681 541 761 603 qua,
787 519 946 585 Victorius
968 525 1074 585 autem
1098 517 1246 584 editionis
1268 517 1425 603 principis

288 625 455 691 lectionem
485 645 578 708 qaam
607 643 670 688 non
696 622 839 689 mutavit.
886 623 999 706 Itaque
1021 642 1081 706 ego
1103 622 1184 687 nihil
1206 621 1269 687 nisi
1290 626 1420 706 »quaml

287 749 372 812 qua«
396 727 533 794 enotavi.

375 831 439 896 Sed
462 832 543 896 haec
565 832 729 896 hactenus.
770 831 838 894 Iam
861 849 933 894 cum
955 829 1062 894 omnia
1083 850 1166 914 quae
1189 829 1233 895 ad
1247 829 1426 896 Florentini

289 935 362 1001 libri
385 935 603 1022 condicionem
625 939 722 1017 atque
744 933 884 999 indolem
907 929 1077 1018 pertinent,
1104 933 1182 998 satis
1203 931 1342 998 dilucide
1365 954 1425 999 ex-

290 1037 431 1123 posuerit
447 1038 589 1123 Spengel
610 1037 726 1122 (Ueber
741 1036 794 1102 die
808 1037 917 1102 Kritik
931 1057 963 1120 p.
983 1038 1044 1100 433
1057 1037 1155 1120 sqq),
1180 1037 1240 1102 illa
1254 1035 1307 1102 hic
1328 1059 1425 1122 prae-

289 1143 384 1208 terire
405 1143 522 1222 licet.*)
562 1142 684 1216 Restat,
710 1148 745 1205 ut
765 1161 870 1226 pauca
885 1140 990 1205 dicam
1014 1140 1054 1205 de
1076 1140 1175 1205 variis
1196 1140 1342 1206 vitiorum
1365 1162 1426 1224 ge-

289 1245 430 1328 neribus,
455 1245 571 1329 quibus
586 1244 738 1310 Varronis
761 1242 802 1309 dc
823 1243 904 1327 ling.
925 1244 996 1308 Lat.
1021 1243 1095 1308 libri
1117 1242 1199 1309 adeo
1222 1251 1360 1327 scatent,
1390 1251 1427 1311 ut

290 1349 344 1415 vix
366 1349 504 1414 alterum
526 1348 701 1414 habeamus
723 1354 862 1413 veterem
885 1352 1063 1430 auctorem,
1089 1347 1179 1412 cuius
1201 1367 1300 1432 opera
1321 1369 1425 1431 aeque

291 1453 469 1518 deformata
492 1453 564 1517 sint.
604 1453 709 1534 Atque
731 1450 868 1536 primum
883 1449 917 1515 id
940 1451 1151 1516 certissimum
1166 1458 1226 1535 est,
1251 1451 1426 1534 quodiam

292 1557 413 1624 monuit
435 1556 577 1641 Spengel
612 1556 671 1634 (De
693 1555 818 1621 emend.
845 1560 904 1619 rat.
930 1576 963 1639 p.
981 1557 1025 1637 7),
1059 1575 1131 1619 eum
1150 1553 1209 1638 qui
1232 1554 1374 1619 codicem
1395 1559 1432 1620 F

292 1661 446 1744 exaravit,
473 1681 543 1726 cum
567 1660 776 1744 archetypum
800 1678 891 1723 suum
914 1658 1101 1724 fidelissime
1123 1657 1323 1743 depingeret,
1349 1659 1426 1725 abs-

291 1764 426 1831 tinuisse
448 1764 575 1829 omnino
597 1785 617 1828 a
640 1761 793 1828 sanandis
816 1762 972 1828 sescentis
990 1760 1057 1826 illis
1072 1762 1240 1827 verborum
1263 1763 1422 1846 monstris,

292 1888 425 1952 quorum
447 1866 630 1952 interpolati
651 1866 834 1952 posterioris
856 1865 1009 1950 temporis
1032 1863 1157 1930 codices
1175 1865 1230 1931 vix
1252 1867 1353 1932 ullum
1375 1867 1428 1931 in-

293 1979 417 2056 tegrum
439 1972 645 2054 reliquerunt.
693 1971 881 2036 Rectissime
904 1969 1003 2052 igitur
1025 1968 1104 2034 mihi
1126 1968 1268 2053 Spengel
1290 1971 1312 2034 l.
1332 1971 1354 2035 l.
1380 1971 1428 2035 sic

293 2075 452 2141 iudicasse
475 2075 631 2141 videturz'
659 2073 771 2152 »Quod
801 2073 829 2139 si
853 2073 918 2138 iam
939 2071 1142 2138 Florentinus
1165 2093 1237 2138 eam
1259 2093 1427 2138 censuram

292 2197 466 2264 perpessus
488 2185 584 2261 esset,
609 2198 703 2244 nemo
717 2198 828 2243 verum
846 2175 1070 2258 investigando
1093 2182 1126 2242 et
1147 2175 1353 2242 coniectando
1375 2199 1428 2243 re-

293 2284 398 2369 perire
419 2289 543 2367 posset;
569 2303 654 2347 nunc
668 2302 745 2348 vcro
761 2302 833 2346 cum
848 2281 949 2346 verba
963 2279 1079 2347 misere
1102 2286 1249 2366 corrupta
1264 2301 1284 2345 a
1299 2281 1429 2347 librario

295 2408 366 2453 cum
388 2386 452 2451 fide
468 2387 531 2451 sint
552 2386 689 2471 depicta,
713 2386 748 2450 in
770 2383 971 2450 emendando
993 2381 1048 2450 via'
1068 2391 1100 2450 ct
1122 2383 1244 2449 ratione
1266 2385 1425 2469 progredi,

295 2496 327 2554 et
347 2509 410 2572 quo
433 2489 537 2572 magis
559 2488 631 2572 quis
653 2488 783 2570 ingenio
806 2493 839 2552 et
859 2486 1018 2552 industria
1040 2488 1148 2572 pollet,
1175 2508 1213 2552 eo
1229 2486 1357 2553 felicius
1372 2508 1428 2553 ve-

294 2614 362 2657 ram
385 2592 522 2657 auctoris
545 2612 673 2656 manum
696 2591 863 2657 restituere
885 2591 974 2672 licet3
1000 2611 1084 2674 quae
1100 2591 1184 2656 enim
1200 2591 1309 2657 insunt
1329 2592 1429 2656 inter·
1523 2667 1524 2688 ,

294 2696 487 2782 polationes,
522 2716 592 2760 cum
623 2695 808 2781 explicandi
838 2715 936 2761 causa
962 2696 1153 2761 vocabulum
1176 2695 1306 2779 saepius
1327 2695 1430 2761 invita
1523 2695 1524 2734 l

296 2801 441 2865 Minerva
455 2799 621 2882 adderent,
647 2819 725 2864 casu
747 2797 851 2882 magis
866 2818 963 2881 quam
979 2799 1110 2864 consilio
1126 2819 1167 2864 ex
1189 2798 1333 2881 margine
1354 2798 1430 2864 illa-

297 2911 348 2970 tas
371 2923 443 2969 csse
466 2903 615 2969 dixeris«
905 2922 908 2927 ·

382 3006 447 3072 Sed
470 3006 596 3072 etiamsi
618 3006 767 3072 librarius
783 3025 865 3088 quae
887 3006 996 3089 legere
1015 3005 1076 3072 sibi
1092 3005 1263 3089 videretur,
1290 3027 1330 3072 ea
1343 3015 1428 3073 recte

297 3112 476 3177 describere
500 3110 612 3176 sedulo
635 3110 765 3192 studuit,
791 3116 899 3175 tamen
915 3131 978 3175 non
994 3111 1099 3176 minus
1121 3117 1208 3175 certa
1228 3111 1350 3176 ratione
1373 3110 1430 3176 de-

297 3215 466 3281 monstrari
481 3222 587 3300 potest
600 3215 691 3279 illum
706 3215 865 3298 permulta
880 3213 1011 3297 quaein
1026 3213 1200 3299 archetypo
1211 3221 1297 3280 recte
1313 3215 1430 3299 scripta

298 3326 417 3404 essent,
444 3341 507 3385 non
529 3326 614 3385 recte
636 3318 852 3404 expedivisse.
1396 3330 1398 3334 ·
1523 3403 1524 3406 Ἴ

383 3423 533 3507 Quisquis
563 3423 647 3489 enim
675 3424 772 3509 paulo
801 3421 987 3505 diligentius
1016 3423 1075 3487 hos
1104 3421 1144 3487 de
1173 3421 1286 3505 lingua
1315 3423 1431 3488 Latina
1523 3433 1524 3458 ³

297 3529 396 3594 libros
419 3527 548 3611 legerit,
582 3547 655 3592 mox
682 3526 916 3592 animadvertet
945 3545 1008 3590 non
1037 3546 1142 3611 pauca
1169 3525 1287 3591 menda
1313 3525 1346 3590 in
1377 3546 1430 3591 eos

366 3755 390 3817 *l
417 3753 470 3818 Qui
488 3752 543 3805 loci
562 3753 591 3805 in
609 3752 705 3805 codice
724 3751 886 3805 Florentino
904 3767 977 3804 nunc
998 3756 1111 3821 propter
1128 3751 1278 3804 atramenti
1297 3749 1430 3819 pallorem

298 3856 394 3910 parum
413 3845 492 3893 certo
509 3839 565 3906 legi
584 3838 700 3908 possint,
722 3843 754 3892 ut
772 3838 937 3906 singillatim
950 3853 1094 3907 exponam,
1115 3851 1190 3891 ame
1208 3838 1358 3907 impetrare
1377 3853 1431 3891 non

299 3943 421 3994 possum,
442 3941 475 3980 nc
489 3926 574 3979 nimio
587 3925 681 3978 taedio
700 3924 821 3978 lectores
834 3925 949 3978 enicem.
981 3925 1066 3978 Plura
1078 3928 1109 3978 ut
1126 3925 1212 3992 legat,
1233 3925 1260 3977 ci
1279 3924 1428 3991 continget,

300 4014 324 4067 si
343 4013 388 4066 cui
407 4013 539 4066 chemicis
557 4011 769 4066 medicamentis
788 4011 829 4064 uti
847 4011 955 4066 licebit.
988 4011 1060 4066 Sane
1073 4011 1181 4080 aliquot
1199 4010 1278 4073 locis,
1298 4010 1346 4079 qui
1360 4026 1432 4064 nunc

300 4106 349 4154 aut
367 4100 479 4154 omuino
497 4099 554 4165 legi
572 4113 628 4151 non
646 4102 763 4167 possunt
781 4103 830 4151 aut
848 4095 1014 4151 difficillime
1033 4097 1171 4165 leguntur,
1192 4097 1350 4152 recentiora
1368 4113 1433 4166 apo

301 4185 408 4253 grapha
425 4181 605 4237 multifariam
624 4183 697 4236 inter
715 4198 746 4236 se
765 4183 940 4251 discrepant,
962 4183 1091 4252 quoniam
1109 4183 1164 4236 iam
1181 4183 1232 4236 illa
1249 4187 1359 4246 aetate,
1380 4198 1433 4251 qua

300 4271 369 4324 haec
388 4267 550 4339 apographa
568 4267 697 4323 confecta
715 4274 793 4331 sunt,
815 4269 953 4338 scriptura
971 4268 1053 4323 nimis
1072 4269 1216 4338 expalluit.
